@inproceedings{Wilhelm2012,
    author		= {Wilhelm, Reinhard and Reineke, Jan},
    booktitle	= {7th IEEE International Symposium on Industrial Embedded Systems (SIES'12)},
    title		= {Embedded systems: Many cores - Many problems},
    year		= {2012},
    pages		= {176--180},
}

@article{Hahn2015,
    author 		= {Hahn, Sebastian and Reineke, Jan and Wilhelm, Reinhard},
    title 		= {{Towards Compositionality in Execution Time Analysis: Definition and Challenges}},
    journal 	= {SIGBED Review},
    volume 		= {12},
    number 		= {1},
    year 		= {2015},
    pages 		= {28--36},
} 

@INPROCEEDINGS{Pagetti2014,
    author		= {Pagetti, Claire and Saussie, David and Gratia, Romain and Noulard, {\'E}ric and Siron, Pierre},
    booktitle	= {20th Real-Time and Embedded Technology and Applications Symposium (RTAS'14)},
    title		= {The {ROSACE} case study: From Simulink specification to multi/many-core execution},
    year		= {2014},
    pages		= {309--318},
}

@inproceedings{Yun2015,
    author 		= {Yun, Heechul AND Pellizzoni, Rodolfo AND Valsan, Prathap Kumar},
    title 		= {{Parallelism-Aware Memory Interference Delay Analysis for COTS Multicore Systems }},
    booktitle 	= {27th Euromicro Conference on Real-Time Systems (ECRTS'15) },
    year 		= {2015},
    pages       = {184--195}
}

@inproceedings{Korst91,
    author 		= {Korst, Jan and Aarts, Emile H. L. and Lenstra, Jan Karel and Wessels, Jaap},
    title 		= {{Periodic Multiprocessor Scheduling}},
    booktitle 	= {International Conference on Parallel Architectures and Languages Europe (PARLE'91)},
    year 		= {1991},
    pages 		= {166--178},
} 

@article{Goossens03,
    year		= {2003},
    journal		= {Real-Time Systems},
    volume		= {24},
    number		= {2},
    title		= {{Scheduling of Offset Free Systems}},
    author		= {Goossens, Joël},
    pages		= {239--258},
}

@phdthesis{Kermia09,
    title 		= {{Ordonnancement temps r{\'e}el multiprocesseur de t{\^a}ches non-pr{\'e}emptives avec contraintes de pr{\'e}c{\'e}dence, de p{\'e}riodicit{\'e} stricte et de latence}},
    author 		= {Kermia, Omar},
    year 		= {2009},
    pages 		= {1 vol. (208 p.)},
    note 		= {Th{\`e}se de doctorat dirig{\'e}e par Sorel, Yves Informatique Paris 11 2009},
}

@phdthesis{Alsheikh11,
    title 		= {{Resource allocation in hard real-time avionic systems. Scheduling and routing problems}},
    author 		= {Al Sheikh, Ahmad},
    school 		= {{INSA de Toulouse}},
    year 		= {2011},
    type 		= {Theses},
}

@inproceedings{Thiele2000,
    author		= {Thiele, L. and Chakraborty, S. and Naedele, M.},
    booktitle	= {2000 International Symposium on Circuits and Systems (ISCAS'00)},
    title		= {Real-time calculus for scheduling hard real-time systems},
    year		= {2000},
    volume		= {4},
    pages		= {101--104},
}


@article{Dinechin2013,
    title 		= {{A Distributed Run-Time Environment for the Kalray MPPA®-256 Integrated Manycore Processor}},
    journal 	= {Procedia Computer Science},
    volume 		= {18},
    number 		= {0},
    pages 		= {1654--1663},
    year 		= {2013},
    author 		= {Benoît Dupont de Dinechin and Pierre Guironnet de Massas and Guillaume Lager and Clément Léger and Benjamin Orgogozo and Jérôme Reybert and Thierry Strudel}
}

@inproceedings{Dinechin2014,
    author		= {Dupont De Dinechin, Benoit and van Amstel, Duco and Poulhies, Marc and Lager, G.},
    booktitle	= {18th Design, Automation \& Test in Europe Conference and Exhibition (DATE'14)},
    title		= {{Time-critical computing on a single-chip massively parallel processor}},
    year		= {2014},
    pages		= {1--6},
}

@inproceedings{Dinechin2014NoCArc,
    author      = {Dupont de Dinechin, Beno\^{\i}t and Durand, Yves and van Amstel, Duco and Ghiti, Alexandre},
    title       = {{Guaranteed Services of the NoC of a Manycore Processor}},
    booktitle   = {2014 International Workshop on Network on Chip Architectures (NoCArc'14)},
    year        = {2014},
    pages       = {11--16},
} 


@article{Giannopoulou2015,
    year		= {2015},
    journal		= {Real-Time Systems},
    title		= {Mixed-criticality scheduling on cluster-based manycores with shared communication and storage resources},
    author		= {Giannopoulou, Georgia and Stoimenov, Nikolay and Huang, Pengcheng and Thiele, Lothar and Dupont de Dinechin, Beno\^{\i}t},
    pages		= {1--51},
}


@ARTICLE{Qian2010,
    author		= {Yue Qian and Zhonghai Lu and Wenhua Dou},
    journal		= {IEEE Transactions on Computer-Aided Design of Integrated Circuits and Systems},
    title		= {Analysis of Worst-Case Delay Bounds for On-Chip Packet-Switching Networks},
    year		= {2010},
    volume		= {29},
    number		= {5},
    pages		= {802--815},
}

@inproceedings{Qian2009,
    author      = {Qian, Yue and Lu, Zhonghai and Dou, Wenhua},
    title       = {{Analysis of Communication Delay Bounds for Network on Chips}},
    booktitle   = {2009 Asia and South Pacific Design Automation Conference (ASP-DAC'09)},
    year        = {2009},
    pages       = {7--12},
} 

@inproceedings{Zhan2013,
    author      = {Zhan, Jia and Stoimenov, Nikolay and Ouyang, Jin and Thiele, Lothar and Narayanan, Vijaykrishnan and Xie, Yuan},
    title       = {Designing Energy-efficient NoC for Real-time Embedded Systems Through Slack Optimization},
    booktitle   = {50th Annual Design Automation Conference (DAC'13)},
    year        = {2013},
    pages       = {37:1--37:6},
} 


@inproceedings{Kanter2015,
    author 		= {Kanter, David AND Gwennap, Linley},
    title 		= {{Kalray Clusters 1 Calculate Quickly}},
    year 		= {2015},
}

@misc{TileMx,
    author		= {{Bob Doud}},
    title		= {{Accelerating the Data Plane	With the TILE-Mx Manycore Processor}},
    year		= {2015},
    month       = {February},
    note        = {{Linley Data Center Conference}}
}


@manual{TileGx,
    author		= {{EZchip}},
    title		= {{TILE-Gx72 Processor - Product Brief}},
}


@manual{TileGx36,
    author		= {{EZchip}},
    title		= {{TILE-Gx36 Processor - Product Brief}},
}

@INPROCEEDINGS{Howard2010, 
    author      = {Howard, Jason and Al.}, 
    booktitle   = {2010 IEEE International Solid-State Circuits Conference (ISSCC'10)}, 
    title       = {{A 48-Core IA-32 message-passing processor with DVFS in 45nm CMOS}}, 
    year        = {2010}, 
    pages       = {108-109}, 
    month       = {Feb}
}




@INPROCEEDINGS{Yun2013,
    author		= {Heechul Yun and Gang Yao and Pellizzoni, R. and Caccamo, M. and Lui Sha},
    booktitle	= {19th Real-Time and Embedded Technology and Applications Symposium (RTAS'13)},
    title		= {{MemGuard: Memory bandwidth reservation system for efficient performance isolation in multi-core platforms}},
    year		= {2013},
    pages		= {55--64},
}

@inproceedings{kim2014bounding,
    title		= {{Bounding memory interference delay in COTS-based multi-core systems}},
    author		= {Kim, Hyoseung and de Niz, Dionisio and Andersson, Bj{\"o}rn and Klein, Mark and Mutlu, Onur and Rajkumar, Ragunathan Raj},
    booktitle	= {20th Real-Time and Embedded Technology and Applications Symposium (RTAS'14)},
    year		= {2014},
    pages		= {145--154},
}

@inproceedings{Bhat2010,
    author		= {Bhat, B. and Mueller, F.},
    booktitle	= {22nd Euromicro Conference on Real-Time Systems (ECRTS'10)},
    title		= {{Making DRAM Refresh Predictable}},
    year		= {2010},
    pages		= {145--154},
}

@inproceedings{Krishnapillai2014,
    author		= {Krishnapillai, Y. and Zheng Pei Wu and Pellizzoni, R.},
    booktitle	= {26th Euromicro Conference on Real-Time Systems (ECRTS'14)},
    title		= {{A Rank-Switching, Open-Row DRAM Controller for Time-Predictable Systems}},
    year		= {2014},
    pages		= {27--38},
}

@article{Borkar2011,
    author 		= {Borkar, Shekhar and Chien, Andrew A.},
    title 		= {{The Future of Microprocessors}},
    journal 	= {Communications of the ACM},
    issue_date 	= {May 2011},
    volume 		= {54},
    number 		= {5},
    year 		= {2011},
    month       = {May},
    pages 		= {67--77},
}

@phdthesis{Wang2005,
    author 		= {Wang, David Tawei},
    title 		= {{Modern DRAM Memory Systems: Performance Analysis and Scheduling Algorithm}},
    school      = {{University of Maryland, College Park}},
    year 		= {2005},
}

@book{Jacob2007,
    author 		= {Jacob, Bruce and Ng, Spencer and Wang, David},
    title 		= {{Memory Systems: Cache, DRAM, Disk}},
    year 		= {2007},
    publisher 	= {Morgan Kaufmann Publishers Inc.},
} 

@misc{Certainty,
    title		= {{FP7 Certification of Real-Time Applications Designed for Mixed-Criticality (CERTAINTY)}},
    note		= {http://www.certainty-project.eu/}
}

@techreport{Certainty:D33,
    author 		= {{CERTAINTY consortium}},
    title 		= {{D3. – Identification of resources access and timing analysis principles}},
    institution = {{CERTAINTY Project}},
    year 		= {2013},
}

@manual{intel_scc,
    author      = { Intel Labs },
    title       = {{ SCC External Architecture Specification (EAS) - Revision 0.94}},
    year        = { 2010 },
    month       = { May },
}

@manual{XeonPhi,
    author      = {Intel Corporation},
    title       = {Intel Xeon Phi Coprocessor x100 Product Family - Datasheet},
    year        = {2015},
    month       = {April}
}

@manual{Epiphany,
    author      = {Adapteva},
    title       = {E16G301 Epiphany 16-core Microprocessor - Datasheet},
}

@manual{kalray_mppa,
    author 		= {Kalray Corporation},
    title 		= {{The MPPA hardware architecture}},
    year 		= {2012}
}

@misc{kalray_slides_irit,
    author      = {Kalray Corporation},
    title       = {{ Kalray MPPA - A New Era of Processing }},
    year        = {2012},
    howpublished = {IRIT Seminar}
}

@misc{AbsInt,
    author		= {{AbsInt Angewandte Informatik GmbH}},
    note		= {http://www.absint.com}
}

@misc{JEDEC2012,
    author 		= {{JEDEC}},
    year 		= {2012},
    title 		= {{DDR3 SDRAM STANDARD}}
}

@misc{Doc_micron,
    author 		= {{Micron}},
    year 		= {2011},
    title 		= {{4Gb: x4, x8, x16 DDR3L SDRAM Description}}
}

@inproceedings{Atanassov2001,
    author 		= { Atanassov, Pavel and Puschner, Peter},
    title 		= {{Impact of DRAM Refresh on the Execution Time of Real-Time Tasks}},
    booktitle 	= {IEEE International Workshop on Application of Reliable Computing and Communication},
    year 		= {2001},
    pages 		= {29--34}
}

@INPROCEEDINGS{Wu2013,
    author		= {Zheng Pei Wu and Krish, Yogen and Pellizzoni, Rodolfo},
    booktitle	= {34th Real-Time Systems Symposium (RTSS'13)},
    title		= {{Worst Case Analysis of DRAM Latency in Multi-requestor Systems}},
    year		= {2013},
    pages		= {372-383},
}

@article{Yao2013,
    author 		= {Yao, Gang and Pellizzoni, Rodolfo and Bak, Stanley and Yun, Heechul and Caccamo, Marco},
    title 		= {{Global Real-Time Memory-Centric Scheduling for Multicore Systems}},
    journal 	= {IEEE Transactions on Computers},
    note 		= {(accepted, to appear)}
}

@article{Yao2012,
    author 		= {Yao, Gang and Pellizzoni, Rodolfo and Bak, Stanley and Betti, Emiliano and Caccamo, Marco},
    title 		= {{Memory-centric Scheduling for Multicore Hard Real-time Systems}},
    journal 	= {Real-Time Systems},
    volume 		= {48},
    number 		= {6},
    year 		= {2012},
    pages 		= {681--715},
} 

@article{ding2013,
    AUTHOR 		= {Yiqiang Ding and Lan Wu and Wei Zhang},
    TITLE 		= {{Bounding Worst-Case DRAM Performance on Multicore Processors}},
    JOURNAL 	= {Journal of Computer Science and Engineering},
    volume      = {7},
    number      = {1},
    PAGES 		= {53--66},
    YEAR 		= {2013},
}

@inproceedings{Pellizzoni2010,
    author		= {Pellizzoni, Rodolfo and Schranzhofer, Andreas and Jian-Jia Chen and Caccamo, Marco and Thiele, Lothar},
    booktitle	= {13th Design, Automation \& Test in Europe Conference and Exhibition (DATE'10)},
    title		= {{Worst case delay analysis for memory interference in multicore systems}},
    year		= {2010},
    pages		= {741--746},
}

@inproceedings{Reineke2011,
    author 		= {Reineke, Jan and Liu, Isaac and Patel, Hiren D. and Kim, Sungjun and Lee, Edward A.},
    title 		= {{PRET DRAM Controller: Bank Privatization for Predictability and Temporal Isolation}},
    booktitle 	= {7th IEEE/ACM/IFIP International Conference on Hardware/Software Codesign and System Synthesis (CODES+ISSS'11)},
    year 		= {2011},
    pages 		= {99--108},
} 

@inproceedings{Akesson2007,
    author 		= {Akesson, Benny and Goossens, Kees and Ringhofer, Markus},
    title 		= {{PREDATOR: A Predictable SDRAM Memory Controller}},
    booktitle 	= {5th IEEE/ACM International Conference on Hardware/Software Codesign and System Synthesis (CODES+ISSS'07)},
    year 		= {2007},
    pages 		= {251--256},
} 

@article{Paolieri2009,
    author		= {Paolieri, Marco and Quiñones, Eduardo and Cazorla, Francisco J. and Valero, Mateo},
    journal		= {IEEE Embedded Systems Letters},
    title		= {{An Analyzable Memory Controller for Hard Real-Time CMPs}},
    year		= {2009},
    volume		= {1},
    number		= {4},
    pages		= {86--90},
}


@article{Fleury98,
    author 		= {Fleury, {\'E}ric AND Fraigniaud, Pierre},
    title 		= {{A General Theory for Deadlock Avoidance in Wormhole-Routed Networks}},
    journal 	= {{IEEE Transactions on Parallel and Distributed Systems}},
    year 		= {1998},
    volume 		= {9},
    number      = {7},
    pages 		= {626--638}
}

@phdthesis{ferra2012,
    title 		= {{Maîtrise des latences de communication dans les réseaux bord SpaceWire}},
    author 		= {Ferrandiz, Thomas},
    year 		= {2012},
    note 		= {Thèse de doctorat dirigée par Fraboul, Christian Réseaux, télécom, système et architecture Toulouse, ISAE 2012},
}

@inproceedings{Ferrandiz2011,
    author		= {Ferrandiz, Thomas and Frances, Fabrice and Fraboul, Christian},
    booktitle	= {17th International Conference on Embedded and Real-Time Computing Systems and Applications (RTCSA'11)},
    title		= {{A Network Calculus Model for SpaceWire Networks}},
    year		= {2011},
    volume		= {1},
    pages		= {295--299},
}

@article{Cruz91,
    author		= {Cruz, R.L.},
    journal		= {IEEE Transactions on Information Theory},
    title		= {A calculus for network delay. {I.} Network elements in isolation},
    year		= {1991},
    volume		= {37},
    number		= {1},
    pages		= {114--131},
}

@ARTICLE{Zhang1995,
    author      = {Hui Zhang},
    journal     = {Proceedings of the IEEE},
    title       = {Service disciplines for guaranteed performance service in packet-switching networks},
    year        = {1995},
    volume      = {83},
    number      = {10},
    pages       = {1374-1396},
    month       = {October},
}

@book{LeBoudec2001,
    author 		= {Le Boudec, Jean-Yves and Thiran, Patrick},
    title 		= {Network Calculus: A Theory of Deterministic Queuing Systems for the Internet},
    year 		= {2001},
    publisher 	= {Springer-Verlag},
} 

@article{Duato1993,
    author 		= {Duato, Jos{\'e}},
    journal 	= {{IEEE Transactions on Parallel and Distributed Systems}},
    title		= {{A New Theory of Deadlock-Free Adaptive Routing in Wormhole Networks}},
    year		= {1993},
    volume 		= {4},
    number 		= {12},
    pages 		= {1320--1331}
}

@inproceedings{Garcia2000,
    author 		= {Garcia, Alejandro and Johansson, Lisbeth and Jonsson, Magnus and Weckst{\`e}n, Mattias},
    booktitle 	= {13th International Conference on Parallel and distributed computing systems (ISCA'00)},
    pages 		= {632--639},
    title 		= {{Guaranteed periodic real-time communication over wormhole switched networks}},
    year 		= {2000}
}

@inproceedings{Carle2014,
    title 		= {{Static mapping of real-time applications onto massively parallel processor arrays}},
    author 		= {Carle, Thomas and Djemal, Manel and Potop-Butucaru, Dumitru and De Simone, Robert},
    booktitle 	= {{14th International Conference on Application of Concurrency to System Design (ACSD'14)}},
    year 		= {2014},
    pages 		= {112--121},
}

@inproceedings{Craciunas2014,
    author 		= {Craciunas, Silviu S. and Oliver, Ramon Serna},
    title 		= {{SMT-based Task- and Network-level Static Schedule Generation for Time-Triggered Networked Systems}},
    booktitle 	= {22nd International Conference on Real-Time Networks and Systems (RTNS'14)},
    year 		= {2014},
    pages 		= {45:45--45:54},
} 

@inproceedings{Weichslgartner2014,
    author 		= {Weichslgartner, Andreas and Gangadharan, Deepak and Wildermann, Stefan and Gla\ss, Michael and Teich, J\"{u}rgen},
    title 		= {{DAARM: Design-time Application Analysis and Run-time Mapping for Predictable Execution in Many-core Systems}},
    booktitle 	= {2014 International Conference on Hardware/Software Codesign and System Synthesis (CODES'14)},
    year 		= {2014},
    pages 		= {34:1--34:10},

}

@inproceedings{gorcitz2015,
    title 		= {{On the Scalability of Constraint Solving for Static/Off-Line Real-Time Scheduling}},
    author 		= {Gorcitz, Raul and Kofman, Emilien and Carle, Thomas and Potop-Butucaru, Dumitru and De Simone, Robert},
    booktitle   = {13th International Conference on Formal Modeling and Analysis of Timed Systems (FORMATS'15)},
    year 		= {2015},
    pages 		= {108--123},
}

@standard{arp4754,
    author 		= {SAE International},
    title 		= {{Aerospace Recommended Practices 4754a - Development of Civil Aircraft and Systems}},
    year		= {2010},
}

@standard{do178,
    author 		= {{Radio Technical Commission for Aeronautics (RTCA) and EURopean Organisation for Civil Aviation Equipment (EUROCAE)}},
    title 		= {{DO-178C: Software Considerations in Airborne Systems and Equipment Certification}},
    year 		= {2011},
}

@standard{do160,
    author 		= {{Radio Technical Commission for Aeronautics (RTCA) and EURopean Organisation for Civil Aviation Equipment (EUROCAE)}},
    title 		= {{DO-160: Environmental Conditions and Test Procedures for Airborne Equipment}},
    year 		= {2007},
}

@standard{arp4761,
    author      = {SAE International},
    title       = {{Aerospace Recommended Practices 4761 - Guidelines And Methods For Conducting The Safety Assessment Process On Civil Airborne Systems And Equipment}},
    month       = {December},
    year        = {1996}
}

@standard{arinc653,
    author      = {ARINC},
    title       = {{Avionics Application Software Standard Interface - Part 0 - Overview of ARINC653}},
    year        = {2013},
    month       = {June},
}

@standard{do297,
    author 		= {{Radio Technical Commission for Aeronautics (RTCA) and EURopean Organisation for Civil Aviation Equipment (EUROCAE)}},
    title 		= {{DO-297}: Software, Electronic, Integrated Modular Avionics (IMA) Development Guidance and Certification Considerations},
}

@standard{IEC61508,
    author      = { International Electrotechnical Commission (IEC) },
    title       = {{ IEC 61508 : Functional Safety of Electrical/Electronic/Programmable Electronic Safety-related Systems}}
}

@standard{flexray,
    author 		= {{International Organization for Standardization (ISO)}},
    title 		= {{ ISO 17458, Road vehicles -- FlexRay communications system}},
}

@standard{ttethernet,
    author 		= {{SAE International}},
    title 		= {{AS6802: Time-Triggered Ethernet}},
}

@article{Betti13,
    author    	= {Betti, Emiliano and Bak, Stanley and Pellizzoni, Rodolfo and Caccamo, Marco and Sha, Lui},
    title     	= {{Real-Time {I/O} Management System with COTS Peripherals}},
    journal   	= {{IEEE Transactions on Computers}},
    volume    	= {62},
    number    	= {1},
    year      	= {2013},
    pages     	= {45--58},
}


@inproceedings{Abel13,
    author    	= {Abel, Andreas and Benz, Florian and Doerfert, Johannes and D{\"o}rr Barbara  and Hahn, Sebastian and Haupenthal, Florian and Jacobs, Michael and Moin, Amir H. and Reineke, Jan and Schommer, Bernhard and Wilhelm, Reinhard},
    title     	= {{ Impact of Resource Sharing on Performance and Performance Prediction: A Survey }},
    booktitle 	= {24th International Conference on Concurrency Theory (CONCUR'13)},
    year      	= {2013},
    pages     	= {25--43}
}



@phdthesis{Ekelin2004,
    author		= {Ekelin, Cecilia},
    title		= {{An Optimization Framework for Scheduling of Embedded Real-Time Systems}},
    school		= {Chalmers University of Technology},
    year		= {2004},
}

@article{PuffitschNP15,
    author    	= {Puffitsch, Wolfgang and Noulard, {\'E}ric and Pagetti, Claire},
    title     	= {Off-line mapping of multi-rate dependent task sets to many-core platforms},
    journal   	= {Real-Time Systems},
    volume    	= {51},
    number    	= {5},
    pages     	= {526--565},
    year      	= {2015},
}

@misc{OPL,
    author 		= {{IBM ILOG}},
    title 		= {{CPLEX Optimization Studio}},
    note 		= {http://www.ibm.com/software/integration/ \\
        optimization/cplex-optimization-studio/},
    year 		= {2014}
}

@InProceedings{Pellizzoni2011_PREM,
    author 		= {Rodolfo Pellizzoni and Emiliano Betti and Stanley Bak and Gang Yao and John Criswell and Marco Caccamo and Russell Kegley},
    title 		= {{A Predictable Execution Model for COTS-based Embedded Systems}},
    booktitle 	= {17th IEEE Real-Time and Embedded Technology and Applications Symposium (RTAS'11)},
    year 		= {2011},
    pages 		= {269--279},
}

@inproceedings{BoniolCNP12,
    author    	= {Fr{\'e}d{\'e}ric Boniol and Hugues Cass{\'e} and {\'E}ric Noulard and Claire Pagetti},
    title     	= {{Deterministic Execution Model on COTS Hardware}},
    booktitle 	= {25th International Conference on Architecture of Computing Systems (ARCS'12)},
    year      	= {2012},
    pages     	= {98--110},
}

@inproceedings{jean12,
    author 		= {Jean, Xavier and Faura, Daniel and Gatti, Marc and Pautet, Laurent and Robert, Thomas},
    title		= {Ensuring robust partitioning in multicore platforms for {IMA} systems},
    year		= {2012},
    booktitle 	= {31st IEEE/AIAA  Digital Avionics Systems Conference (DASC'12)},
    pages		= {7A4-1--7A4-9}
}

@inproceedings{Chattopadhyay2010,
    author 		= {Chattopadhyay, Sudipta and Roychoudhury, Abhik and Mitra, Tulika},
    title 		= {Modeling shared cache and bus in multi-cores for timing analysis},
    booktitle 	= {13th International Workshop on Software Compilers for Embedded Systems (SCOPES'10)},
    year 		= {2010},
    pages 		= {1--10},
    articleno 	= {6},
    numpages 	= {10},
}

@inproceedings{Durrieu2014,
    author 		= {Guy Durrieu and Madeleine Faug\`ere and Sylvain Girbal and Daniel {Gracia P\'erez} and Claire Pagetti and Wolfgang Puffitsch},
    title 		= {{Predictable Flight Management System Implementation on a Multicore Processor}},
    year 		= {2014},
    booktitle 	= {7th Conference on Embedded Real Time Software and Systems (ERTS'14)}
}

@inproceedings{NowotschP14,
    author 		= {Nowotsch, Jan and Paulitsch, Michael and B{\"u}hler, Daniel and Theiling, Henrik and Wegener, Simon and Schmidt, Michael},
    year		= {2014},
    title 		= {{Multi-core interference-sensitive WCET analysis leveraging runtime resource capacity enforcement}},
    booktitle	= {26th Euromicro Conference on Real-Time Systems (ECRTS'14)},
    pages 		= {109--118},
}

@inproceedings{Kasapaki14,
    author		= {Kasapaki, E. and SparsØ, J.},
    booktitle	= {20th IEEE International Symposium on Asynchronous Circuits and Systems (ASYNC'14)},
    title		= {{Argo: A Time-Elastic Time-Division-Multiplexed NOC Using Asynchronous Routers}},
    year		= {2014},
    pages		= {45--52},
}

@article{Goossens2005,
    author		= {Goossens, K. and Dielissen, J. and Radulescu, A.},
    journal		= {IEEE Design \& Test of Computers},
    title		= {AEthereal network on chip: concepts, architectures, and implementations},
    year		= {2005},
    volume		= {22},
    number		= {5},
    pages		= {414--421},
}

@InProceedings{ziccardi2015,
    author 		= {Marco Ziccardi and Alessandro Cornaglia and Enrico Mezzetti and Tullio Vardanega},
    title 		= {{Software-enforced Interconnect Arbitration for COTS Multicores}},
    booktitle 	= {{15th International Workshop on Worst-Case Execution Time Analysis (WCET'15)}},
    pages 		= {11--20},
    year 		= {2015},
    volume 		= {47},
}

@inproceedings{erts14b,
    author 		= {Jingyi Bin and Sylvain Girbal and Daniel {Gracia Pérez} and Arnaud Grasset and Alain Merigot},
    title 		= {{Studying co-running avionic real-time applications on multi-core COTS architectures}},
    year 		= {2014},
    booktitle 	= {7th Conference on Embedded Real Time Software and Systems (ERTS'14)}
}

@inproceedings{NowotschP12,
    author    	= {Jan Nowotsch and Michael Paulitsch},
    title     	= {Leveraging Multi-core Computing Architectures in Avionics},
    year      	= {2012},
    pages     	= {132--143},
    booktitle   = {9th European Dependable Computing Conference (EDCC'12)},
}

@inproceedings{Girbal2015,
    Title       = {{Deterministic Platform Software for Hard Real-Time systems using multi-core COTS}},
    Author      = {Girbal, Sylvain and Jean, Xavier and le Rhun, Jimmy and Gracia Pérez, Daniel and Gatti, Marc},
    Booktitle   = {34th Digital Avionics Systems Conference (DASC'15)},
    Year		= {2015},
}

@inproceedings{Perret16,
    author		= {Perret, Quentin and Maur{\`e}re, Pascal and Noulard, {\'E}ric and Pagetti, Claire and Sainrat, Pascal and Triquet, Benoit},
    title		= {{Predictable composition of memory accesses on many-core processors}},
    year		= {2016},
    booktitle	= {8th Conference on Embedded Real Time Software and Systems (ERTS'16)}
}

@inproceedings{Perret16_RTAS,
    author		= {Perret, Quentin and Maur{\`e}re, Pascal and Noulard, {\'E}ric and Pagetti, Claire and Sainrat, Pascal and Triquet, Benoit},
    title		= {{Temporal isolation of hard real-time applications on many-core processors}},
    year		= {2016},
    booktitle	= {22nd IEEE Real-Time and Embedded Technology and Applications Symposium (RTAS'16)}
}

@inproceedings{Perret16_RTNS,
    author		= {Perret, Quentin and Maur{\`e}re, Pascal and Noulard, {\'E}ric and Pagetti, Claire and Sainrat, Pascal and Triquet, Benoit},
    title		= {{Mapping hard real-time applications on many-core processors}},
    year		= {2016},
    booktitle	= {24th International Conference on Real-Time Networks and Systems (RTNS'16)}
}

@article{METIS,
    author      = { Karypis, George AND Kumar, Vipin },
    title       = {{A Fast and Highly Quality Multilevel Scheme for Partitioning Irregular Graphs}},
    year        = {1999},
    journal     = {SIAM Journal on Scientific Computing},
    volume      = {20},
    number      = {1},
    pages       = {359--392}
}

@article{Garey76,
    author      = {Garey, M. R. and Johnson, D. S. and Sethi, Ravi},
    title       = {{The Complexity of Flowshop and Jobshop Scheduling}},
    journal     = {Mathematics of Operations Research},
    volume      = {1},
    number      = {2},
    pages       = {117-129},
    year        = {1976},
}

@book{Garey1979,
    author      = {Garey, Michael R. and Johnson, David S.},
    title       = {{Computers and Intractability: A Guide to the Theory of NP-Completeness}},
    year        = {1979},
    publisher   = {W. H. Freeman \& Co.},
    address     = {New York, NY, USA},
}

@inproceedings{Laborie08,
    author      = {Laborie, Philippe and Rogerie, J{\'e}r{\^o}me},
    title       = {{Reasoning with Conditional Time-intervals}},
    year        = {2008},
    booktitle   = {21st International Florida Artificial Intelligence Research Society Conference (FLAIRS'08)}
}

@inproceedings{Laborie09,
    author      = {Laborie, Philippe and Rogerie, J{\'e}r{\^o}me and Shaw, Paul and Vil{\'i}m, Petr},
    title       = {{Reasoning with Conditional Time-Intervals. Part II: An Algebraical Model for Resources}},
    year        = {2009},
    booktitle   = {22nd International Florida Artificial Intelligence Research Society Conference (FLAIRS'09)}
}


@misc{cast32,
    author      = {{CAST (Certification Authorities Software Team)}},
    title       = {{Position Paper on Multi-core Processors - CAST-32}},
    year        = "2014",
}

@misc{FAA16,
    author      = {Jean, Xavier and Mutuel, Laurence and Regis, Didier and Misson, H{\'e}l{\`e}ne and Berthon, Guy and Fumey, Marc},
    title       = {{White Paper on Issues Associated with Interference Applied to Multicore Processors}},
    year        = "2016",
}
@inproceedings{Becker16,
    author      = {Becker, Matthias and Dasari, Dakshina and Nicolic, Borislav and {\AA}kesson, Benny and N{\'e}lis, Vincent and Nolte, Thomas},
    title       = {{Contention-Free Execution of Automotive Applications on a Clustered Many-Core Platform}},
    month       = {July},
    year        = {2016},
    booktitle   = {28th Euromicro Conference on Real-Time Systems (ECRTS'16)},
}


@misc{Capacites,
    title		= {{Parallel Computing for Time and Safety Critical Applications (CAPACITES)}},
    note		= {http://capacites.minalogic.net/en/}
}

@misc{Assume,
    title		= {{Affordable Safe And Secure Mobility Evolution (ASSUME)}},
    note		= {http://www.assume-project.eu/}
}

@misc{Proartis,
    title       = {{Probabilistically Analysable Real-Time Systems (PROARTIS)}},
    note        = {http://www.proartis-project.eu/}
}

@misc{Proxima,
    title       = {{Probabilistic real-time control of mixed-criticality multicore and manycore systems (PROXIMA)}},
    note        = {http://www.proxima-project.eu/}
}

@article{Parallel,
    title       = {{GNU Parallel - The Command-Line Power Tool}},
    author      = {O. Tange},
    address     = {Frederiksberg, Denmark},
    journal     = {;login: The USENIX Magazine},
    month       = {Feb},
    number      = {1},
    volume      = {36},
    year        = {2011},
    pages       = {42-47}
}

@Article{Chetto1990,
    author      = {Chetto, Houssine and Silly, Maryline and Bouchentouf, T.},
    title       = {{Dynamic scheduling of real-time tasks under precedence constraints}},
    journal     = {Real-Time Systems},
    year        = "1990",
    volume      = "2",
    number      = "3",
    pages       = "181--194",
}

@inproceedings{Li13,
    author      = {Li, Jing and Agrawal, Kunal and Lu, Chenyang and Gill, Christopher},
    title       = {{ Analysis of Global EDF for Parallel Tasks }},
    year        = {2013},
    booktitle   = {25th Euromicro Conference on Real-Time Systems (ECRTS'13)},
}

@inproceedings{Qamhieh2013,
    author      = {Qamhieh, Manar and Fauberteau, Fr{\'e}d{\'e}ric and George, Laurent and Midonnet, Serge},
    title       = {{Global EDF Scheduling of Directed Acyclic Graphs on Multiprocessor Systems}},
    booktitle   = {21st International Conference on Real-Time Networks and Systems (RTNS'13)},
    year        = {2013},
    pages       = {287--296},
    numpages    = {10},
}

@inproceedings{Qamhieh2014,
    title       = {{A Stretching Algorithm for Parallel Real-time DAG Tasks on Multiprocessor Systems}},
    author      = {Qamhieh, Manar and George, Laurent and Midonnet, Serge},
    booktitle   = {{22nd International Conference on Real-Time Networks and Systems (RTNS'14)}},
    pages       = {13-22},
    year        = {2014},
    month       = Oct,
}


@inproceedings{Puffitsch2015,
    author      = {Puffitsch, Wolfgang and S{\o}rensen, Rasmus Bo and Schoeberl, Martin},
    title       = {{Time-division Multiplexing vs Network Calculus: A Comparison}},
    booktitle   = {23rd International Conference on Real Time and Networks Systems (RTNS'15)},
    year        = {2015},
    pages       = {289--296},
}

@article{Kwok1999,
    author      = {Kwok, Yu-Kwong and Ahmad, Ishfaq},
    title       = {{Static Scheduling Algorithms for Allocating Directed Task Graphs to Multiprocessors}},
    journal     = {ACM Comput. Surv.},
    volume      = {31},
    number      = {4},
    month       = dec,
    year        = {1999},
    pages       = {406--471},
} 

@inproceedings{Graillat16,
    author      = {Graillat, Amaury},
    title       = {{Code Generation of Time Critical Synchronous Programs on the Kalray MPPA Many-Core architecture}},
    booktitle   = {7th International Workshop on Analysis Tools and Methodologies for Embedded and Real-Time Systems (WATERS'16) },
    year        = {2016},
}


@Article{Craciunas2016,
    author      = {Craciunas, Silviu S. and Oliver, Ramon Serna},
    title       = {{Combined task- and network-level scheduling for distributed time-triggered systems}},
    journal     = {Real-Time Systems},
    year        = "2016",
    volume      = "52",
    number      = "2",
    pages       = "161--200",
}



@inproceedings{Fisher1983,
    author      = {Fisher, Joseph A.},
    title       = {{Very Long Instruction Word Architectures and the ELI-512}},
    booktitle   = {10th Annual International Symposium on Computer Architecture (ISCA'83)},
    year        = {1983},
    pages       = {140--150},
}


@misc{Edmunds_heatsinks,
    author      = {Edmunds, Llew},
    title       = {{ Application Note AN-1057. Heatsink Characteristics }},
    note        = {International Rectifier}
}

@inproceedings{Edwards2007,
    author      = {Edwards, Stephen A. and Lee, Edward A.},
    title       = {{The Case for the Precision Timed (PRET) Machine}},
    booktitle   = {44th Annual Design Automation Conference (DAC'07)},
    year        = {2007},
    pages       = {264--265},
    publisher   = {ACM},
    address     = {New York, NY, USA},
} 

@inproceedings{Lickly2008,
    author      = {Lickly, Ben and Liu, Isaac and Kim, Sungjun and Patel, Hiren D. and Edwards, Stephen A. and Lee, Edward A.},
    title       = {{Predictable Programming on a Precision Timed Architecture}},
    booktitle   = {2008 International Conference on Compilers, Architectures and Synthesis for Embedded Systems (CASES'08)},
    year        = {2008},
    pages       = {137--146},
    publisher   = {ACM},
    address     = {New York, NY, USA},
}


@inproceedings{Zimmer2014,
    author      = { Zimmer, Michael and Broman, David and Shaver, Chris and Lee, Edward A.},
    title       = {{FlexPRET: A Processor Platform for Mixed-Criticality Systems}},
    booktitle   = {20th IEEE Real-Time and Embedded Technology and Application Symposium (RTAS'14)},
    month       = {April},
    year        = {2014},

}

@article{Bate2001,
    author      = {Bate, Iain and Conmy, Philippa and Kelly, Tim and McDermid, John}, 
    title       = {{Use of Modern Processors in Safety-Critical Applications}},
    volume      = {44}, 
    number      = {6}, 
    pages       = {531-543}, 
    year        = {2001}, 
    journal     = {The Computer Journal} 
}

@ARTICLE{tcrest2015,
    author = {Martin Schoeberl and Sahar Abbaspour and Benny Akesson and Neil Audsley and Raffaele Capasso and Jamie Garside and Kees Goossens and Sven Goossens and Scott Hansen and Reinhold Heckmann and Stefan Hepp and Benedikt Huber and Alexander Jordan and Evangelia Kasapaki and Jens Knoop and Yonghui Li and Daniel Prokesch and Wolfgang Puffitsch and Peter Puschner and Andr\'{e} Rocha and Cl\'{a}udio Silva and Jens Spars{\o} and Alessandro Tocchi},
    title       = {{T-CREST: Time-predictable Multi-Core Architecture for Embedded Systems } },
    journal     = {Journal of Systems Architecture},
    year        = {2015},
    volume      = {61},
    pages       = {449--471},
    number      = {9},
}

@INPROCEEDINGS{patmos2011,
    author      = {Martin Schoeberl and Pascal Schleuniger and Wolfgang Puffitsch and Florian Brandner and Christian W. Probst and Sven Karlsson and Tommy Thorn},
    title       = {{Towards a Time-predictable Dual-Issue Microprocessor: The Patmos Approach}},
    booktitle   = {First Workshop on Bringing Theory to Practice: Predictability and Performance in Embedded Systems (PPES'11)},
    year        = {2011},
    pages       = {11--20},
    address     = {Grenoble, France},
    month       = {March},
}


@article{Goossens2013,
    author      = {Kees Goossens AND Arnaldo Azevedo AND Karthik Chandrasekar AND Manil Dev Gomony AND Sven Goossens AND Martijn Koedam AND Yonghui Li AND Davit Mirzoyan AND Anca Molnos AND Ashkan Beyranvand Nejad AND Andrew Nelson AND Shubhendu Sinha },
    title       = {{Virtual Execution Platforms for Mixed-Time-Criticality Systems: The CompSOC Architecture and Design Flow }},
    journal     = { ACM SIGBED },
    year        = {2013},
    month       = {October},
    volume      = {10},
    number      = {3}
}

@manual{SparcV8,
    author      = {SPARC International Inc.},
    title       = {{The SPARC Architecture Manual - Version 8}}
}

@techreport{RISCV,
    author      = { Waterman, Andrew AND Lee, Yunsup AND Patterson, David A. AND Asanovic, Krste},
    title       = {{ The RISC-V Instruction Set Manual, Volume I: User-Level ISA, Version 2.0}},
    institution = {{Electrical Engineering and Computer Sciences - University of California at Berkeley}},
    year        = {2014},
    month       = {May}
}


@INPROCEEDINGS{Schoeberl2009, 
    author      = {Schoeberl, Martin}, 
    booktitle   = {Firstr International Workshop on Software Technologies for Future Dependable Distributed Systems (STFSSD'2009) }, 
    title       = {{Time-predictable Cache Organization}}, 
    year        = {2009}, 
    pages       = {11-16}, 
    month       = {March},
}

@article{Hansson2009,
    author      = {Hansson, Andreas and Goossens, Kees and Bekooij, Marco and Huisken, Jos},
    title       = {{CoMPSoC: A Template for Composable and Predictable Multi-processor System on Chips}},
    journal     = { ACM Transactions on Design Automation of Electronic Systems },
    volume      = {14},
    number      = {1},
    month       = {January},
    year        = {2009},
    pages       = {2:1--2:24},
    publisher   = {ACM},
    address     = {New York, NY, USA},
} 

@ARTICLE{Wilhelm2009,
    author      = {Wilhelm, Reinhard and Grund, Daniel and Reineke, Jan and Schlickling, Marc and Pister, Markus and Ferdinand, Christian},
    journal     = {IEEE Transactions on Computer-Aided Design of Integrated Circuits and Systems},
    title       = {Memory Hierarchies, Pipelines, and Buses for Future Architectures in Time-Critical Embedded Systems},
    year        = {2009},
    volume      = {28},
    number      = {7},
    pages       = {966-978},
    month       = {July}
}

@techreport{Akesson2007_CCSP,
    author      = { Benny Akesson and Liesbeth Steffens and Eelke Strooisma and Kees Goossens },
    title       = {{ Real-Time Scheduling of Hybrid Systems using Credit-Controlled Static-Priority Arbitration }},
    year        = {2007},
    institution = {NXP Semiconductors}
}

@inproceedings{Law2016,
    author      = {Law, Stephen and Bate, Iain},
    title       = {{ Achieving Appropriate Test Coverage for Reliable Measurement-based Timing Analysis }},
    month       = {July},
    year        = {2016},
    booktitle   = {28th Euromicro Conference on Real-Time Systems (ECRTS'16)},
}

@misc{Jegu2012,
    title       = {{Method and device for loading and executing instructions with deterministic cycles in a multicore avionic system having a bus of which the access time is not predictable}},
    author      = {Jegu, Victor and Triquet, Beno\^it and Aspro, Fr\'ed\'eric and Boniol, Fr\'ed\'eric. and Pagetti, Claire},
    url         = {http://www.google.com/patents/US20120084525},
    year        = {2012}
}

@inproceedings{Kritikakou2014,
    author 		= { Kritikakou, Angeliki AND Pagetti, Claire AND Roy, Matthieu AND Rochange, Christine AND Faug{\`e}re, Madeleine AND Girbal, Sylvain AND Gracia P{\'e}rez, Daniel},
    title 		= {{ Distributed run-time WCET controller for concurrent critical tasks in mixed-critical systems }},
    booktitle 	= {22nd International Conference on Real-Time Networks and Systems (RTNS'14)},
    year 		= {2014},
    articleno 	= {45},
}

@misc{FisherWP,
    author      = { Fisher, Stuart },
    year        = {2014},
    title       = {{ Certifying Applications in a Multi-Core Environment: The World's First Multi-Core Certification to SIL 4}},
    institution = { SYSGO AG }
}

@phdthesis{Jean2015,
    author      = { Jean, Xavier },
    title       = {{ Ma{\^i}trise de la couche hyperviseur sur les processeurs multi-coeurs COTS dans un contexte avionique }},
    year        = { 2015 },
    school      = { Telecom ParisTech }
}

@ARTICLE{Merasa,
    author      = {T. Ungerer and F. Cazorla and P. Sainrat and G. Bernat and Z. Petrov and C. Rochange and E. Quinones and M. Gerdes and M. Paolieri and J. Wolf and H. Casse and S. Uhrig and I. Guliashvili and M. Houston and F. Kluge and S. Metzlaff and J. Mische},
    journal     = {IEEE Micro},
    title       = {{Merasa: Multicore Execution of Hard Real-Time Applications Supporting Analyzability}},
    year        = {2010},
    volume      = {30},
    number      = {5},
    pages       = {66-75},
}

@INPROCEEDINGS{parMERASA,
    author      = {T. Ungerer and C. Bradatsch and M. Gerdes and F. Kluge and R. Jahr and J. Mische and J. Fernandes and P. G. Zaykov and Z. Petrov and B. Böddeker and S. Kehr and H. Regler and A. Hugl and C. Rochange and H. Ozaktas and H. Cassé and A. Bonenfant and P. Sainrat and I. Broster and N. Lay and D. George and E. Quiñones and M. Panic and J. Abella and F. Cazorla and S. Uhrig and M. Rohde and A. Pyka},
    booktitle   = {2013 Euromicro Conference on Digital System Design (DSD'13) },
    title       = {{parMERASA -- Multi-core Execution of Parallelised Hard Real-Time Applications Supporting Analysability}},
    year        = {2013},
    pages       = {363-370},
}

@manual{TMS320C6678,
    author      = { Texas Instruments },
    title       = {{ TMS320C6678 - Multicore Fixed and Floating-Point Digital Signal Processor }},
    year        = { 2014 }
}

@manual{TriCore,
    author      = {Infineon},
    title       = { TriCore 1, 32-bit Unified processor Core },
    volume      = {1},
    month       = {January},
    year        = {2008}
}



@article{Paolieri2009_SIGARCH,
    author      = {Paolieri, Marco and Qui\~{n}ones, Eduardo and Cazorla, Francisco J. and Bernat, Guillem and Valero, Mateo},
    title       = {{Hardware Support for WCET Analysis of Hard Real-time Multicore Systems}},
    journal     = {SIGARCH Computer Architecture News},
    volume      = {37},
    number      = {3},
    month       = {June},
    year        = {2009},
    pages       = {57--68},
} 

@article{Wilhelm2008,
    author      = {Wilhelm, Reinhard and Engblom, Jakob and Ermedahl, Andreas and Holsti, Niklas and Thesing, Stephan and Whalley, David and Bernat, Guillem and Ferdinand, Christian and Heckmann, Reinhold and Mitra, Tulika and Mueller, Frank and Puaut, Isabelle and Puschner, Peter and Staschulat, Jan and Stenstr\"{o}m, Per},
    title       = {The Worst-case Execution-time Problem - Overview of Methods and Survey of Tools},
    journal     = {ACM Transactions Embedded Computing Systems},
    volume      = {7},
    number      = {3},
    month       = {May},
    year        = {2008},
    pages       = {36:1--36:53},
}


@INPROCEEDINGS{Lundqvist1999,
    author      = {Thomas Lundqvist and Per Stenstrom},
    booktitle   = {20th IEEE Real-Time Systems Symposium (RTSS'99)},
    title       = {Timing anomalies in dynamically scheduled microprocessors},
    year        = {1999},
    pages       = {12-21},
}


@inproceedings{Li1995,
    author      = {Li, Yau-Tsun Steven and Malik, Sharad},
    title       = {{Performance Analysis of Embedded Software Using Implicit Path Enumeration}},
    booktitle   = {32nd Annual ACM/IEEE Design Automation Conference (DAC'95)},
    year        = {1995},
    pages       = {456--461},
} 

@Inproceedings{Williams2005,
    author      = {Williams, Nicky and Marre, Bruno and Mouy, Patricia and Roger, Muriel},
    title       = {{PathCrawler: Automatic Generation of Path Tests by Combining Static and Dynamic Analysis}},
    bookTitle   = {5th European Dependable Computing Conference (EDCC'05)},
    year        = {2005},
    publisher   = {Springer Berlin Heidelberg},
    pages       = {281--292},
}

@article{Lundqvist1999_rts,
    author      = {Lundqvist, Thomas and Stenstr\"{o}m, Per},
    title       = {{An Integrated Path and Timing Analysis Method Based on Cycle-Level Symbolic Execution}},
    journal     = {Real-Time Systems},
    volume      = {17},
    number      = {2-3},
    year        = {1999},
    pages       = {183--207},
} 


@INPROCEEDINGS{Edgar2001,
    author      ={Steward Edgar and Alan Burns},
    booktitle   ={2nd IEEE Real-Time Systems Symposium (RTSS'01)},
    title       ={{Statistical analysis of WCET for scheduling}},
    year        ={2001},
    pages       ={215-224},
}

@book{Embrechts1997,
    author      = {Embrechts, Paul AND Kl{\"u}ppelberg, Claudia AND Mikosch, Thomas},
    title   = {Modelling Extremal Events for Insurance and Finance},
    year        = {1997},
    volume      = {33},
    publisher   = {Springer-Verlag Berlin Heidelberg}
}

@INPROCEEDINGS{Lu2011,
    author      = {Yue Lu and Thomas Nolte and Ian Bate and Liliana Cucu-Grosjean},
    booktitle   = {2011 IEEE 16th Conference on Emerging Technologies Factory Automation (ETFA'11)},
    title       = {A trace-based statistical worst-case execution time analysis of component-based real-time embedded systems},
    year        = {2011},
    pages       = {1-4},
    month       = {September}
}

@ARTICLE{Heckmann2003,
    author      = {Heckmann, Reinhold and Langenbach, Marc and Thesing, Stephan and Wilhelm, Reinhard},
    journal     = {Proceedings of the IEEE},
    title       = {{The influence of processor architecture on the design and the results of WCET tools}},
    year        = {2003},
    volume      = {91},
    number      = {7},
    pages       = {1038-1054},
    month       = {July},
}

@article{Rixner2000,
    author      = {Rixner, Scott and Dally, William J. and Kapasi, Ujval J. and Mattson, Peter and Owens, John D.},
    title       = {{Memory Access Scheduling}},
    journal     = {SIGARCH Computer Architecture News},
    volume      = {28},
    number      = {2},
    month       = {May},
    year        = {2000},
    pages       = {128--138},
    publisher   = {ACM},
} 

@inproceedings{Chatterjee2012,
    author      = {Chatterjee, Niladrish and Muralimanohar, Naveen and Balasubramonian, Rajeev and Davis, Al and Jouppi, Norman P.},
    title       = {Staged Reads: Mitigating the Impact of DRAM Writes on DRAM Reads},
    booktitle   = {18th International Symposium on High-Performance Computer Architecture (HPCA'12)},
    year        = {2012},
    pages       = {1--12},
    publisher   = {IEEE Computer Society},
}

@phdthesis{Taylor2007,
    title       = {Tiled microprocessors},
    author      = {Taylor, Michael Bedford},
    year        = {2007},
    school      = {Massachusetts Institute of Technology}
}

@book{HennessyPatterson,
    author      = {Hennessy, John L. and Patterson, David A.},
    title       = {{Computer Architecture, Fifth Edition: A Quantitative Approach}},
    year        = {2011},
    edition     = {5th},
    publisher   = {Morgan Kaufmann Publishers Inc.},
} 

@book{AppendixNetworkHennPatt,
    author      = {Hennessy, John L. and Patterson, David and A., Pinkston, Timothy M. and Duato, Jos{\'e}},
    title       = {{Computer Architecture, Fifth Edition: A Quantitative Approach - Appendix F: Interconnection Networks}},
    year        = {2011},
    edition     = {5th},
    publisher   = {Morgan Kaufmann Publishers Inc.},
} 

@article{Ni1993,
    author      = {Ni, Lionel M. and McKinley, Philip K.},
    title       = {A Survey of Wormhole Routing Techniques in Direct Networks},
    journal     = {Computer},
    volume      = {26},
    number      = {2},
    year        = {1993},
    pages       = {62--76},
}

@ARTICLE{Kermani1979,
    author      = {Kermani, Parviz and Kleinrock, Leonard},
    title       = {Virtual cut-through: a new computer communication switching technique},
    journal     = {Computer Networks},
    year        = {1979},
    volume      = {3},
    pages       = {267--286}
}

@Article{Dally1986,
    author      = {Dally, William J.and Seitz, Charles L.},
    title       = {The torus routing chip},
    journal     = {Distributed Computing},
    year        = {1986},
    volume      = {1},
    number      = {4},
    pages       = {187--196},
}

@inproceedings{Lu2005,
    author      = {Lu, Zhonghai and Jantsch, Axel and Sander, Ingo},
    title       = {{Feasibility Analysis of Messages for On-chip Networks Using Wormhole Routing}},
    booktitle   = {2005 Asia and South Pacific Design Automation Conference (ASP-DAC'05)},
    year        = {2005},
    pages       = {960--964},
}

@article{Dally1987,
    author      = {Dally, William J.and Seitz, Charles L.},
    title       = {Deadlock-Free Message Routing in Multiprocessor Interconnection Networks},
    journal     = {IEEE Transactions on Computers},
    volume      = {36},
    number      = {5},
    year        = {1987},
    pages       = {547--553},
}

@article{Duato1995,
    author      = {Duato, Jos{\'e}},
    title       = {A Necessary and Sufficient Condition for Deadlock-Free Adaptive Routing in Wormhole Networks},
    journal     = {IEEE Transactions Parallel Distributed Systems},
    volume      = {6},
    number      = {10},
    year        = {1995},
    pages       = {1055--1067},
} 

@article{Jayasimha2003,
    author      = {Jayasimha, D. N. and Schwiebert, Loren and Manivannan, D. and May, Jeff A.},
    title       = {A Foundation for Designing Deadlock-free Routing Algorithms in Wormhole Networks},
    journal     = {Journal of the ACM},
    volume      = {50},
    number      = {2},
    year        = {2003},
    pages       = {250--275},
} 

@inproceedings{Lin1991,
    author      = {Lin, Xiaola and Ni, Lionel M.},
    title       = {Deadlock-free Multicast Wormhole Routing in Multicomputer Networks},
    booktitle   = {18th Annual International Symposium on Computer Architecture (ISCA'91)},
    year        = {1991},
    pages       = {116--125},
    publisher   = {ACM},
    address     = {New York, NY, USA},
} 

@INPROCEEDINGS{Schwiebert1995,
    author      = {Schwiebert,Loren and Jayasimha, D. N.},
    title       = {A Universal Proof Technique for Deadlock-Free Routing in Interconnection Networks},
    booktitle   = {7th Annual ACM Symposium on Parallel Algorithms and Architectures},
    year        = {1995},
    pages       = {175--184}
}

@article{Schwiebert1996,
    author      = {Schwiebert,Loren and Jayasimha, D. N.},
    title       = "A Necessary and Sufficient Condition for Deadlock-Free Wormhole Routing",
    journal     = "Journal of Parallel and Distributed Computing",
    volume      = "32",
    number      = "1",
    pages       = "103 - 117",
    year        = "1996",
}

@article{Ullman1975,
    title       = "NP-complete scheduling problems",
    journal     = "Journal of Computer and System Sciences",
    volume      = "10",
    number      = "3",
    pages       = "384 - 393",
    year        = "1975",
    author      = "J.D. Ullman",
}


@inproceedings{Lakshmanan2010,
    author      = {Lakshmanan, Karthik and Kato, Shinpei and Rajkumar, Ragunathan (Raj)},
    title       = {{Scheduling Parallel Real-Time Tasks on Multi-core Processors}},
    booktitle   = {31st IEEE Real-Time Systems Symposium (RTSS'10)},
    year        = {2010},
    pages       = {259--268},
} 



@inbook{Baruah2012_RTSS,
    title       = {A generalized parallel task model for recurrent real-time processes},
    author      = {Baruah, Sanjoy and Bonifaci, Vincenzo and Marchetti-Spaccamela, Alberto and Stougie, Leen and Wiese,  Andreas},
    year        = {2012},
    pages       = {63--72},
    booktitle   = {33rd IEEE Real-Time Systems Symposium (RTSS'12)},
}


@inproceedings{Collette2007,
    TITLE       = {{Algorithm and complexity for the global scheduling of sporadic tasks on multiprocessors with work-limited parallelism}},
    AUTHOR      = {Collette, S{\'e}bastien and Cucu, Liliana and Goossens, Jo{\"e}l},
    NOTE        = {URL : http://rtns07.irisa.fr/fichiers/actes.pdf},
    BOOKTITLE   = {{15th International Conference on Real-Time and Network systems (RTNS'07)}},
    ADDRESS     = {Nancy, France},
    PAGES       = {123-128},
    YEAR        = {2007},
}


@article{Collette2008,
    TITLE       = {{Integrating job parallelism in real-time scheduling theory}},
    AUTHOR      = {Collette, S{\'e}bastien and Cucu, Liliana and Goossens, Jo{\"e}l},
    JOURNAL     = {{Information Processing Letters}},
    PUBLISHER   = {{Elsevier}},
    VOLUME      = {106},
    NUMBER      = {5},
    PAGES       = {180-187},
    YEAR        = {2008},
}



@inproceedings{Saifullah2011,
    author      = {Saifullah, Abusayeed and Agrawal, Kunal and Lu, Chenyang and Gill, Christopher},
    title       = {{Multi-core Real-Time Scheduling for Generalized Parallel Task Models}},
    booktitle   = {32nd IEEE Real-Time Systems Symposium (RTSS'11)},
    year        = {2011},
    pages       = {217--226},
}


@book{Thomas1994survey,
    title       = {{A Survey of Scheduling in Multiprogrammed Parallel Systems}},
    author      = {Feitelson, D.G.},
    series      = {Research report},
    year        = {1994},
    publisher   = {IBM Thoms J. Watson Research Center}
}



@inproceedings{Feitelson1995,
    author      = {Feitelson, Dror G. and Rudolph, Larry},
    title       = {{Parallel Job Scheduling: Issues and Approaches}},
    booktitle   = {Workshop on Job Scheduling Strategies for Parallel Processing (IPPS'95)},
    year        = {1995},
    pages       = {1--18},
} 

@inproceedings{Goossens2010_RTNS,
    title       = {{Gang FTP scheduling of periodic and parallel rigid real-time tasks}},
    author      = { Goossens, Joel and Berten, Vandy},
    BOOKTITLE   = {{18th International Conference on Real-Time and Network systems (RTNS'10)}},
    year        = {2010},
    pages       = {189--196}
}

@inproceedings{Kato2009,
    author      = {Kato, Shinpei and Ishikawa, Yutaka},
    title       = {{Gang EDF Scheduling of Parallel Task Systems}},
    booktitle   = {30th IEEE Real-Time Systems Symposium (RTSS'09)},
    year        = {2009},
    pages       = {459--468},
}


@inproceedings{Lea2000,
    author      = {Lea, Doug},
    title       = {A Java Fork/Join Framework},
    booktitle   = {ACM 2000 Conference on Java Grande (JAVA'00)},
    year        = {2000},
    pages       = {36--43},
}

@article{OpenMP,
    author      = {Dagum, Leonardo and Menon, Ramesh},
    title       = {OpenMP: An Industry-Standard API for Shared-Memory Programming},
    journal     = {IEEE Computational Science and Engineering},
    volume      = {5},
    number      = {1},
    year        = {1998},
    pages       = {46--55},
}

@misc{OpenCL,
    title       = {{The OpenCL Specification - Version: 2.2 - Revision: 06}},
    author      = {Khronos OpenCL Working Group},
    year        = {2016},
    month       = {March}
}

@misc{CUDA,
    title       = {{CUDA C Programming Guide - Design guide}},
    author      = {NVidia},
    note        = {PG-02829-001\_v8.0},
    year        = {2016},
    month       = {September}
}

@misc{Heptane,
    title       = {Heptane static WCET estimation tool},
    author      = {INRIA Rennes},
    url         = {https://team.inria.fr/alf/software/heptane/},
}

@misc{aiT,
    title       = {aiT WCET Analyzers},
    author		= {{AbsInt Angewandte Informatik GmbH}},
    url         = {https://www.absint.com/ait/},
}

@misc{Otawa,
    title       = {Open Tool for Adaptive WCET Analyses (OTAWA)},
    author      = {IRIT - University of Toulouse},
    url         = {http://www.otawa.fr/},
}

@misc{BoundT,
    title       = {Bound-T time and stack analyser},
    author      = {Tidorum Ltd},
    url         = {http://www.bound-t.com/},
}

@misc{Rapitime,
    title       = {RapiTime},
    author      = {Rapita Systems Ltd},
    url         = {https://www.rapitasystems.com/products/rapitime},
}



@inproceedings{BerezovskyiGSBT16,
    author      = {Kostiantyn Berezovskyi and Fabrice Guet and Luca Santinelli and Konstantinos Bletsas and Eduardo Tovar},
    title       = {Measurement-Based Probabilistic Timing Analysis for Graphics Processor Units},
    booktitle   = {29th International Conference on Architecture of Computing Systems (ARCS'16)},
    pages       = {223--236},
    year        = {2016},
    month       = {April}
}


@inproceedings{GuetSM16,
    author      = {Fabrice Guet and Luca Santinelli and J{\'{e}}r{\^{o}}me Morio},
    title       = {Probabilistic analysis of cache memories and cache memories impacts on multi-core embedded systems},
    booktitle   = {11th {IEEE} Symposium on Industrial Embedded Systems, (SIES'16)},
    pages       = {131--140},
    year        = {2016},
    month       = {May}
}


@PhDThesis{HDRRochange,
    author      = {Rochange, Christine},
    title       = {{Prévisibilité des temps d'exécution pire-cas}},
    year        = {2011},
    month       = {November},
    type        = {Habilitation à diriger des recherches},
    school      = {Université de Toulouse},
    address     = {Toulouse, France},
}


@phdthesis{Bourgade2012,
    TITLE       = {{Worst-case execution time analysis of real-time tasks executed on a multicore architecture}},
    AUTHOR      = {Bourgade, Roman},
    SCHOOL      = {{Universit{\'e} Paul Sabatier - Toulouse III}},
    YEAR        = {2012},
}

@INPROCEEDINGS{Tabish2016, 
    author      = {Tabish, Rohan and Mancuso, Reanto and Wasly, Saud and Alhammad, Ahmed and Phatak, Sujit S. and Pellizzoni, Rodolfo and Caccamo, Marco}, 
    booktitle   = {22nd IEEE Real-Time and Embedded Technology and Applications Symposium (RTAS'16)}, 
    title       = {{A Real-Time Scratchpad-Centric OS for Multi-Core Embedded Systems}}, 
    year        = {2016}, 
    pages       = {1-11}, 
    month       = {April},
}

@manual{MPC5777M,
    author      = {NXP Semiconductors},
    title       = {{MPC5777M Microcontroller Data Sheet}},
    year        = {2016},
    month       = {June}
}

@inproceedings{Giannopoulou2013_EMSOFT,
    author      = {Giannopoulou, Georgia and Stoimenov, Nikolay and Huang, Pengcheng and Thiele, Lothar},
    title       = {{Scheduling of Mixed-criticality Applications on Resource-sharing Multicore Systems}},
    booktitle   = {11th ACM International Conference on Embedded Software (EMSOFT'13)},
    year        = {2013},
    pages       = {17:1--17:15},
}


@inproceedings{Ip2006,
    author      = "Ip, Nicholas Jun Hao and Edwards, Stephen A.",
    title       = "A Processor Extension for Cycle-Accurate Real-Time Software",
    bookTitle   = "International Conference Embedded and Ubiquitous Computing",
    year        = "2006",
}


@inproceedings{Fort2006,
    author      = { Fort, Blair and Capalija, Davor and Vranesic, Zvonko and Brown, Stephen D.},
    title       = {{A Multithreaded Soft Processor for SoPC Area Reduction }},
    booktitle   = {IEEE International Symposium on Custom Computing Machines},
    year        = {2006},
    month       = {October},
    pages       = {131--142},
}

@INPROCEEDINGS{Labrecque2007, 
    author      = {Labrecque, Martin and Steffan, J. Gregory}, 
    booktitle   = {2007 International Conference on Field Programmable Logic and Applications}, 
    title       = {Improving Pipelined Soft Processors with Multithreading}, 
    year        = {2007}, 
    pages       = {210-215}, 
    month       = {August},
}

@article{Benini2000,
    author      = {Benini, Luca and Macii, Alberto and Macii, Enrico and Poncino, Massimo},
    title       = {Increasing Energy Efficiency of Embedded Systems by Application-Specific Memory Hierarchy Generation},
    journal     = {IEEE Desgin and Test},
    volume      = {17},
    number      = {2},
    year        = {2000},
    pages       = {74--85},
}

@INPROCEEDINGS{Ecco2015, 
    author      = {Ecco, Leonardo and Ernst, Rolf}, 
    booktitle   = {IEEE Real-Time Systems Symposium (RTSS'15)}, 
    title       = {Improved DRAM Timing Bounds for Real-Time DRAM Controllers with Read/Write Bundling}, 
    year        = {2015}, 
    pages       = {53-64}, 
    month       = {Dec},
}

@INPROCEEDINGS{Kostrzewa2016, 
    author      = {Kostrzewa, Adam and Tobuschat, Sebastian and Ernst, Rolf and Saidi, Selma}, 
    booktitle   = {2016 Tenth IEEE/ACM International Symposium on Networks-on-Chip (NOCS'16)}, 
    title       = {Safe and dynamic traffic rate control for networks-on-chips}, 
    year        = {2016}, 
    pages       = {1-8}, 
    month       = {August}
}

@inproceedings{Bonifaci2013,
    author      = {Bonifaci, Vincenzo and Marchetti-Spaccamela, Alberto and Stiller, Sebastian and Wiese, Andreas},
    title       = {{Feasibility Analysis in the Sporadic DAG Task Model}},
    booktitle   = {25th Euromicro Conference on Real-Time Systems (ECRTS'13)},
    year        = {2013},
    pages       = {225--233},
}

@article{Adam1974,
    author      = {Adam, Thomas L. and Chandy, K. M. and Dickson, J. R.},
    title       = {A Comparison of List Schedules for Parallel Processing Systems},
    journal     = {Commun. ACM},
    volume      = {17},
    number      = {12},
    year        = {1974},
    pages       = {685--690},
}

@INPROCEEDINGS{Ahmad1996, 
    author      = {Ahmad, I. and Kwok, Yu-Kwong and Wu, Min-You}, 
    booktitle   = {2nd International Symposium on Parallel Architectures, Algorithms, and Networks}, 
    title       = {Analysis, evaluation, and comparison of algorithms for scheduling task graphs on parallel processors}, 
    year        = {1996}, 
    pages       = {207-213}, 
}

@article{Casavant1988,
    author = {Casavant, Thomas L. and Kuhl, Jon G.},
    title = {A Taxonomy of Scheduling in General-Purpose Distributed Computing Systems},
    journal = {IEEE Transactions on Software Engineering},
    year = {1988},
    volume = {14},
    number = {2},
    pages = {141--154}
}

@book{ElRewini1994,
    author = {El-Rewini, Hesham and Lewis, Theodore G. and Ali, Hesham H.},
    title = {Task Scheduling in Parallel and Distributed Systems},
    year = {1994},
    publisher = {Prentice-Hall, Inc.},
    address = {Upper Saddle River, NJ, USA},
}

@INPROCEEDINGS{McCreary1994, 
    author={C. L. McCreary and A. A. Khan and J. J. Thompson and M. E. McArdle}, 
    booktitle={8th International Parallel Processing Symposium}, 
    title={A comparison of heuristics for scheduling DAGs on multiprocessors}, 
    year={1994}, 
    pages={446-451}, 
    month={Apr}
}

@article{Gerasoulis1992,
    title = {{A comparison of clustering heuristics for scheduling directed acyclic graphs on multiprocessors}},
    journal = {Journal of Parallel and Distributed Computing},
    volume = "16",
    number = "4",
    pages = "276 - 291",
    year = "1992",
    note = "",
    author = {Gerasoulis, Apostolos and Yang, Tao},
}

@article{Shirazi1990,
    author = {Shirazi, Behrooz and Wang, Mingfang and Pathak, Girish},
    title = {Analysis and Evaluation of Heuristic Methods for Static Task Scheduling},
    journal = {Journal of Parallel and Distributed Computing},
    volume = {10},
    number = {3},
    month = oct,
    year = {1990},
    pages = {222--2232},
}

@INPROCEEDINGS{Yang1988, 
    author = {Yang, C. Q. and Miller, B. P.}, 
    booktitle = {8th International Conference on Distributed Computing Systems}, 
    title = {Critical path analysis for the execution of parallel and distributed programs}, 
    year = {1988}, 
    pages = {366-373}, 
    month = {Jun}
}

@book{Coffman1976,
    title={Computer and job-shop scheduling theory},
    author={Coffman, E.G. and Bruno, J.L.},
    series={A Wiley-Interscience publication},
    year={1976},
    publisher={Wiley}
}

@article{Friesen1987,
    author = {Friesen, Donald K.},
    title = {Tighter Bounds for LPT Scheduling on Uniform Processors},
    journal = {SIAM J. Comput.},
    volume = {16},
    number = {3},
    month = jun,
    year = {1987},
    pages = {554--560},
} 

@book{graham1979,
    title={Optimization and Approximation in Deterministic Sequencing and Scheduling: A Survey},
    author={Graham, R.L. and Kan, A.H.G.R. and Erasmus University Rotterdam. Econometric Institute},
    series={Reprint series / Erasmus University Rotterdam},
    year={1979},
    publisher={Erasmus University}
}

@techreport{Kruatrachue1987,
    author      = {Kruatrachue, B. and Lewis, T. G.}, 
    title       = {{Duplication Scheduling heuristic, A New Precedence Task Scheduling for parallel System}},
    publisher   = {Oregon State University},
    year        = {1987}
}

@ARTICLE{Wu1990,
    author = {Wu, Min-you and Gajski, Daniel D. },
    title = {Hypertool: A Programming Aid for Message-Passing Systems},
    journal = {IEEE Transactions on Parallel and Distributed Systems},
    year = {1990},
    volume = {1},
    pages = {330--343}
}

@book{BangJensen2008,
    author = {Bang-Jensen, Jorgen and Gutin, Gregory Z.},
    title = {Digraphs: Theory, Algorithms and Applications},
    volume = {2.1 Acyclic Digraphs},
    year = {2008},
    edition = {2nd},
    publisher = {Springer Publishing Company, Incorporated},
}

@article{Hill2008,
    author = {Hill, Mark D. and Marty, Michael R.},
    title = {Amdahl's Law in the Multicore Era},
    journal = {IEEE Computer},
    volume = {41},
    number = {7},
    year = {2008},
    pages = {33--38},
}

@article{Gustafson1988,
    author = {Gustafson, John L.},
    title = {Reevaluating Amdahl's Law},
    journal = {Communications of the ACM},
    volume = {31},
    number = {5},
    month = may,
    year = {1988},
    pages = {532--533},
    publisher = {ACM},
    address = {New York, NY, USA},
}

@incollection{Lenstra1977,
    author = {J.K. Lenstra and A.H.G. Rinnooy Kan and P. Brucker},
    title = {Complexity of Machine Scheduling Problems},
    editor ={"P.L. Hammer, E.L. Johnson, B.H. Korte and G.L. Nemhauser},
    booktitle = {Studies in Integer Programming},
    publisher = "Elsevier",
    year = "1977",
    volume = "1",
    pages = "343 - 362",
    series = {Annals of Discrete Mathematics},
}

@article{Pagetti2011,
    TITLE = {{Multi-task implementation of multi-periodic synchronous programs}},
    AUTHOR = {Pagetti, Claire and Forget, Julien and Boniol, Fr{\'e}d{\'e}ric and Cordovilla, Mikel and Lesens, David},
    JOURNAL = {{Discrete Event Dynamic Systems}},
    PUBLISHER = {{Springer Verlag}},
    VOLUME = {21},
    NUMBER = {3},
    PAGES = {307-338},
    YEAR = {2011},
}

@INPROCEEDINGS{Grolleau2001,
    author = {Grolleau, Emmanuel and Choquet-Geniet, Annie},
    title = {Ordonnancement de tâches temps r{\'e}el en environnement multiprocesseur à l'aide de r{\'e}seaux de Petri},
    booktitle="Real-Time Systems (RTS'01)",
    year="2001",
}


@inproceedings{Baro2012,
    author = {Baro, Julie and Boniol, Fr{\'e}d{\'e}ric and Cordovilla, Mikel and Noulard, Eric and Pagetti, Claire},
    title = {Off-line (Optimal) Multiprocessor Scheduling of Dependent Periodic Tasks},
    booktitle = {27th Annual ACM Symposium on Applied Computing (SAC'12)},
    year = {2012},
    pages = {1815--1820},
}

@article{Behrmann2005,
    author = {Behrmann, Gerd and Larsen, Kim G. and Rasmussen, Jacob I.},
    title = {Optimal Scheduling Using Priced Timed Automata},
    journal = { ACM SIGMETRICS Performance Evaluation Review },
    volume = {32},
    number = {4},
    month = mar,
    year = {2005},
    pages = {34--40},
} 

@inproceedings{Boniol2008,
    author = {Boniol, Fr{\'e}d{\'e}ric and Hladik, Pierre-Emmanuel and Pagetti, Claire and Aspro, Fr{\'e}d{\'e}ric and J{\'e}gu, Victor},
    title = {A Framework for Distributing Real-Time Functions},
    booktitle = {6th International Conference on Formal Modeling and Analysis of Timed Systems (FORMATS'08)},
    year = {2008},
    pages = {155--169},
}


@inproceedings{Nasri2016,
    author = {Nasri, Mitra and Mohaqeqi, Morteza and Fohler, Gerhard},
    title = {{Quantifying the Effect of Period Ratios on Schedulability of Rate Monotonic}},
    booktitle = {24th International Conference on Real-Time Networks and Systems (RTNS'16)},
    year = {2016},
    pages = {161--170},
}

@inproceedings{Mohaqeqi2016,
    author = {Mohaqeqi, Morteza and Nasri, Mitra and Xu, Yang and Cervin, Anton and {\AA}rz{\'e}n, Karl-Erik},
    title = {{On the Problem of Finding Optimal Harmonic Periods}},
    booktitle = {24th International Conference on Real-Time Networks and Systems (RTNS'16)},
    year = {2016},
    pages = {171--180},
}

@article{Fanica1972,
    author      = {Gavril, Fanica},
    title       = {{Algorithms for Minimum Coloring, Maximum Clique, Minimum Covering by Cliques, and Maximum Independent Set of a Chordal Graph}},
    journal     = {SIAM Journal on Computing},
    volume      = {1},
    number      = {2},
    pages       = {180-187},
    year        = {1972},
}

@article{Lekkeikerker1962,
    author = {Lekkeikerker, C. and Boland, J.},
    journal = {Fundamenta Mathematicae},
    number = {1},
    pages = {45-64},
    title = {Representation of a finite graph by a set of intervals on the real line},
    volume = {51},
    year = {1962},
}

@misc{CrashA400M,
    title = {{Press release: Statement regarding Accident Information Transmission (AIT) to A400M operators as follow up to AOT of 19 May}},
    author = {Airbus Defence and Space},
    month = {June},
    year = {2015}
}

@misc{MissilePatriot,
    title       = {{ PATRIOT MISSILE DEFENSE - Software Problem Led to System Failure at Dhahran, Saudi Arabia }},
    author      = {United States General Accounting Office},
    month       = {February},
    year        = {1992}
}

@article{Moore1975,
    author      = {Moore, Gordon},
    title       = {{Progress in Digital Integrated Electronics}},
    journal     = {IEEE, IEDM Tech Digest},
    year        = {1975},
    pages       = {11-13}
}

@book{Fuller2011,
    author = {Fuller, Samuel H. and Millett, Lynette I.},
    publisher = {National Academy Press},
    title = {{The Future of Computing Performance: Game Over Or Next Level?}},
    year = {2011}
}

@inproceedings{Dean2004,
    author = {Dean, Jeffrey and Ghemawat, Sanjay},
    title = {{MapReduce: Simplified Data Processing on Large Clusters}},
    booktitle = {6th Symposium on Operating System Design and Implementation (OSDI'04)},
    year = {2004},
}
